@inproceedings{csmith,
  title={Finding and understanding bugs in C compilers},
  author={Yang, Xuejun and Chen, Yang and Eide, Eric and Regehr, John},
  booktitle={Proceedings of the 32nd ACM SIGPLAN conference on Programming language design and implementation},
  pages={283--294},
  year={2011}
}

@book{rust,
  title={The Rust Programming Language},
  author={Steve Klabnik and Carol Nichols},
  isbn={9781718500440},
  year={2019},
}
